
@book{beynon-davies_sistemas_2018,
	title = {Sistemas de bases de datos},
	isbn = {978-84-291-9441-8},
	abstract = {Este libro es una introducción a las modernas tecnologías de bases de datos como medio de almacenamiento de la información. Casi todas las organizaciones modernas tienen la necesidad de guardar datos importantes relativos a sus actividades, y muchas de ellas eligen almacenarlos en sistemas de bases de datos. Este libro constituye una actualizada introducción a las modernas tecnologías de bases de datos, centrando sus contenidos en los detalles más prácticos. DESTACADOS: Tratamiento detallado de los conceptos clave y los aspectos de desarrollo. Capítulos sobre comercio electrónico, procesos de desarrollo de bases de datos, educción de los requisitos para las bases de datos y procesamiento distribuido. Amplia cobertura de SQL. Actualización de los capítulos relacionados con el Sistema gestor de bases de datos ORACLE y el SGBD Microsoft Access. Ejemplos, casos, diagramas de araña y ejercicios que inciden en la unidad práctica de los conceptos expuestos. Casos prácticos y resúmenes de los puntos fundamentales. Biografia para que los estudiantes profundicen en los temas tratados.},
	language = {es},
	publisher = {Reverte},
	author = {Beynon-Davies, Paul},
	month = oct,
	year = {2018},
	note = {Google-Books-ID: XjbeDwAAQBAJ},
	keywords = {Computers / Data Science / Data Warehousing},
}

@book{ricardo_bases_2009,
	title = {Bases de datos},
	isbn = {978-970-10-7275-2},
	url = {http://up-rid2.up.ac.pa:8080/xmlui/handle/123456789/1354},
	abstract = {A través de quince capítulos se tratan los siguientes temas: conceptos introductorios a las bases de datos; planificación y arquitectura de las bases de datos; el modelo entidad-relación; el modelo relacional; normalización; sistemas de gestión de bases de datos relacionales y SQL; el modelo entidad-relación extendido y el modelo objeto-relacional; el modelo orientado a objetos; introducción a la seguridad de las bases de datos; administración de transacciones; optimización de consultas relacionales; bases de datos distribidas; bases de datos e internet; aspectos sociales y éticos; almacenes de datos (data warehouse) y minado de datos (data mining).},
	language = {es},
	urldate = {2022-11-21},
	publisher = {McGraw Hill Educación},
	author = {Ricardo, Catherine M.},
	year = {2009},
	note = {Accepted: 2020-04-20T00:26:43Z},
}

@book{rivera_base_2008,
	title = {Base de datos relacionales},
	isbn = {978-958-8351-42-1},
	language = {es},
	publisher = {ITM},
	author = {Rivera, Fray León Osorio},
	year = {2008},
}

@book{manuel_bases_nodate,
	title = {Bases de datos relacionales y modelado de datos},
	isbn = {978-84-283-3356-6},
	abstract = {En la actualidad toda la información que manejan los programas informáticos se almacena en bases de datos. La obra que presentamos centra su atención en el diseño conceptual y lógico de bases de datos. Ambos son aspectos esenciales previos a la creación de una base de datos en un sistema gestor de bases de datos concreto. Se analiza con profundidad el modelo de datos relacional al ser el modelo lógico más empleado hoy en día. Por lo que respecta a la fase de diseño conceptual, el autor explica y estudia con detalle tanto los diagramas Entidad-Relación como los diagramas de clases. Expone con claridad y sencillez dos formas de ejecutar el diseño lógico consistente en obtener la estructura de la base de datos relacional: mediante la aplicación de una serie de reglas de transformación a los diagramas Entidad-Relación y a través de la teoría de la normalización. Para facilitar la comprensión, el aprendizaje y la práctica de lo expuesto, la obra se completa con numerosos ejemplos, ejercicios resueltos y una exhaustiva propuesta de ejercicios cuyas soluciones son accesibles a través de la web de Ediciones Paraninfo. Además, el libro responde exactamente al contenido curricular de la unidad formativa UF 1471, titulada Bases de datos relacionales y modelado de datos, que forma parte del Módulo Formativo MF 0225\_3 titulado Gestión de bases de datos y que se integra en el certificado de profesionalidad IFCT0310 denominado a su vez Administración de bases de datos, cuyo contenido regula el RD 1531/2011 de 31 de octubre. Nos encontramos pues, ante una obra imprescindible tanto para profesionales de sistemas y telemática como para quienes están formándose en este campo profesional que presenta una enorme proyección de futuro.},
	language = {es},
	publisher = {Ediciones Paraninfo, S.A.},
	author = {MANUEL, JOSE, PIÑEIRO GOMEZ},
	note = {Google-Books-ID: udFECQAAQBAJ},
}

@book{fernandez_python_2013,
	title = {Python 3 al descubierto - 2a ed.},
	isbn = {978-607-622-008-5},
	abstract = {Se   ofrece un repaso a las principales características del lenguaje, así como   otros aspectos relacionados, siempre desde un punto de vista práctico, con la   intención de que el lector consiga rápidamente familiarizarse con el   lenguaje. Con este libro, el lector conocerá a fondo el lenguaje de   programación interpretado, de propósito general Python. Quienes nunca han   utilizado Python aprenderán sus fundamentos, mientras que los que ya lo   conocen podrán descubrir sus funcionalidades más avanzadas. Los primeros   capítulos del libro se centran en aspectos fundamentales del lenguaje, como   las estructuras, los tipos de datos y los diferentes tipos de sentencias.   Estudiados estos conceptos el lector se sumerge en las características   avanzadas que contiene el lenguaje, incluyendo la programación orientada a   objetos; a continuación, trabajará con archivos, bases de datos y prácticas   relativas a Internet para finalmente, aprender a instalar y distribuir el   software desarrollado con Python, sin olvidarse de una de las partes más   importantes en el ciclo de desarrollo: las pruebas unitarias.   Este libro reúne los elementos necesarios para escribir un programa,   utilizar una biblioteca o crear módulos, a través de su lectura conocerá   técnicas que emplean los desarrolladores para comunicarse con sus bases de   datos, formas para interactuar y comunicarse con los servidores web, acceder   y manipular archivos, entre muchas otras cosas.   Ventaja Competitiva:   · Cada capítulo presenta ejemplos de código para practicar   aplicando los conocimientos adquiridos.    · Repasa a las principales características del lenguaje, siempre desde un   punto de vista práctico, con la intención de que el lector consiga   rápidamente familiarizarse con él.    Conozca:   · Las   características del lenguaje Python 3.   · Estructuras y tipos de datos básicos.   · Sentencias de control, módulos y funciones, ficheros.   · Manejo de Bases de datos e Internet.   · Instalación y distribución de paquetes.    Aprenda:   · Cómo instalar Pyton 3.0 en diversas plataformas.    · A programar con orientación a objetos. Programación avanzada.   · Cómo realizar pruebas unitarias.   ·Código de buenas prácticas.    Realice:   · Programas en Programas   en Pyton 3.0},
	language = {es},
	publisher = {Alfaomega Grupo Editor},
	author = {FERNANDEZ, Arturo},
	month = sep,
	year = {2013},
	note = {Google-Books-ID: f4BNDAAAQBAJ},
	keywords = {Technology \& Engineering / Engineering (General), Technology \& Engineering / General},
}

@book{chazallet_python_2016,
	title = {Python 3: los fundamentos del lenguaje},
	isbn = {978-2-409-00614-2},
	shorttitle = {Python 3},
	language = {es},
	publisher = {Ediciones ENI},
	author = {Chazallet, Sébastien},
	year = {2016},
	note = {Google-Books-ID: KRYyvKmZvpwC},
}

@article{github, 
author = "Falconi, S.D", 
journal = "https://github.com/sebastiandavidfalconi/Laboratorio1\texttt{\char`_}BasedeDatos\texttt{\char`_}8393",
howpublished={\url{https://github.com/sebastiandavidfalconi/Laboratorio1\texttt{\char`_}BasedeDatos\texttt{\char`_}8393}},
} 